
@InProceedings{	  abel2011higher,
  title		= {Higher-order dynamic pattern unification for dependent
		  types and records},
  author	= {Abel, Andreas and Pientka, Brigitte},
  booktitle	= {International Conference on Typed Lambda Calculi and
		  Applications},
  pages		= {10--26},
  year		= {2011},
  organization	= {Springer}
}

@Article{	  abel2018,
  title		= {POPLMark Reloaded: Mechanizing Proofs by Logical
		  Relations},
  author	= {Abel, Andreas and Allais, Guillaume and Hameer, Aliya and
		  Pientka, Brigitte and Momigliano, Alberto and Sch{\"a}fer,
		  Steven and Stark, Kathrin},
  journal	= {Submitted to the Journal of functional programming},
  year		= {2018}
}

@InProceedings{	  abelladesc,
  author	= {Andrew Gacek},
  title		= {The {A}bella Interactive Theorem Prover (System
		  Description)},
  booktitle	= {Proceedings of IJCAR 2008},
  series	= {Lecture Notes in Artificial Intelligence},
  year		= {2008}
}

@InProceedings{	  amal:blame,
  author	= {Ahmed, Amal and Findler, Robert Bruce and Matthews, Jacob
		  and Wadler, Philip},
  title		= {Blame for All},
  year		= {2009},
  isbn		= {9781605585437},
  publisher	= {Association for Computing Machinery},
  address	= {New York, NY, USA},
  url		= {https://doi.org/10.1145/1570506.1570507},
  doi		= {10.1145/1570506.1570507},
  booktitle	= {Proceedings for the 1st Workshop on Script to Program
		  Evolution},
  pages		= {1–13},
  numpages	= {13},
  location	= {Genova, Italy},
  series	= {STOP '09}
}

@Article{	  asperti:bi:dependent,
  title		= {A Bi-Directional Refinement Algorithm for the Calculus of
		  (Co) Inductive Constructions},
  author	= {Asperti, Andrea and Ricciotti, Wilmer and Coen, Claudio
		  Sacerdoti and Tassi, Enrico},
  year		= {2012},
  journal	= {Logical Methods in Computer Science},
  volume	= {8},
  pages		= {1--49},
  publisher	= {Technischen Universitat Braunschweig}
}

@InProceedings{	  aydemir2005mechanized,
  title		= {Mechanized metatheory for the masses: The {POPLmark}
		  challenge},
  author	= {Aydemir, Brian E and Bohannon, Aaron and Fairbairn,
		  Matthew and Foster, J Nathan and Pierce, Benjamin C and
		  Sewell, Peter and Vytiniotis, Dimitrios and Washburn,
		  Geoffrey and Weirich, Stephanie and Zdancewic, Steve},
  booktitle	= {The 18th International Conference on Theorem Proving in
		  Higher Order Logics},
  year		= {2005}
}

@InProceedings{	  aydemir2008engineering,
  author	= {Aydemir, Brian and Chargu{\'e}raud, Arthur and Pierce,
		  Benjamin C. and Pollack, Randy and Weirich, Stephanie},
  title		= {Engineering Formal Metatheory},
  booktitle	= {Proceedings of the 35th Annual ACM SIGPLAN-SIGACT
		  Symposium on Principles of Programming Languages},
  series	= {POPL '08},
  year		= {2008}
}

@InProceedings{	  bertot04,
  author	= {Bertot, Yves and Gr{\'e}goire, Benjamin and Leroy, Xavier},
  title		= {A Structured Approach to Proving Compiler Optimizations
		  Based on Dataflow Analysis},
  booktitle	= {Proceedings of the 2004 International Conference on Types
		  for Proofs and Programs},
  series	= {TYPES'04},
  year		= {2006}
}

@TechReport{	  cardelli1993implementation,
  title		= {An implementation of FSub},
  author	= {Cardelli, Luca},
  year		= {1993},
  institution	= {Research Report 97, Digital Equipment Corporation Systems
		  Research Center}
}

@Article{	  castagna2017gradual,
  author	= {Castagna, Giuseppe and Lanvin, Victor},
  title		= {Gradual Typing with Union and Intersection Types},
  journal	= {Proc. ACM Program. Lang.},
  issue_date	= {September 2017},
  volume	= {1},
  number	= {ICFP},
  month		= aug,
  year		= {2017},
  pages		= {41:1--41:28},
  articleno	= {41},
  numpages	= {28},
  acmid		= {3110285},
  publisher	= {ACM},
  address	= {New York, NY, USA},
  keywords	= {Gradual typing, intersection types, negation types,
		  set-theoretic types, union types}
}

@InProceedings{	  chang2006,
  author	= {Chang, Bor-Yuh Evan and Chlipala, Adam and Necula, George
		  C.},
  title		= {A Framework for Certified Program Analysis and Its
		  Applications to Mobile-code Safety},
  booktitle	= {Proceedings of the 7th International Conference on
		  Verification, Model Checking, and Abstract Interpretation},
  series	= {VMCAI'06},
  year		= {2006}
}

@InProceedings{	  chen:coercive,
  author	= {Chen, Gang},
  title		= {Coercive Subtyping for the Calculus of Constructions},
  series	= {POPL '03},
  year		= {2003},
  numpages	= {10},
  acmid		= {604145},
  keywords	= {calculus of constructions, coercion, semantics of
		  coercions, subtyping, transitivity elimination}
}

@InProceedings{	  chlipala2008parametric,
  author	= {Chlipala, Adam},
  title		= {Parametric Higher-order Abstract Syntax for Mechanized
		  Semantics},
  booktitle	= {Proceedings of the 13th ACM SIGPLAN International
		  Conference on Functional Programming},
  series	= {ICFP '08},
  year		= {2008}
}

@Book{		  church1941calculi,
  title		= {The calculi of lambda-conversion},
  author	= {Church, Alonzo},
  number	= {6},
  year		= {1941},
  publisher	= {Princeton University Press}
}

@InProceedings{	  cimini2016gradualizer,
  title		= {The Gradualizer: A Methodology and Algorithm for
		  Generating Gradual Type Systems},
  author	= {Cimini, Matteo and Siek, Jeremy G.},
  booktitle	= {Proceedings of the 43rd Symposium on Principles of
		  Programming Languages},
  year		= {2016}
}

@Misc{		  coq,
  author	= {The{\ }{C}oq{\ }development{\ }team},
  title		= {The {C}oq proof assistant},
  year		= {2017},
  url		= {https://coq.inria.fr/}
}

@Article{	  coquand:algorithm,
  title		= {An algorithm for type-checking dependent types},
  author	= {Coquand, Thierry},
  journal	= {Science of Computer Programming},
  volume	= {26},
  number	= {1-3},
  pages		= {167--177},
  year		= {1996},
  publisher	= {Elsevier}
}

@Book{		  curry1958combinatory,
  title		= {Combinatory logic},
  author	= {Curry, Haskell Brooks and Feys, Robert and Craig, William
		  and Hindley, J Roger and Seldin, Jonathan P},
  volume	= {1},
  year		= {1958},
  publisher	= {North-Holland Amsterdam}
}

@InProceedings{	  damas1982principal,
  author	= {Damas, Luis and Milner, Robin},
  title		= {Principal Type-schemes for Functional Programs},
  booktitle	= {Proceedings of the 9th ACM SIGPLAN-SIGACT Symposium on
		  Principles of Programming Languages},
  series	= {POPL '82},
  year		= {1982}
}

@InProceedings{	  damas:milner,
  author	= {Damas, Luis and Milner, Robin},
  title		= {Principal Type-Schemes for Functional Programs},
  year		= {1982},
  isbn		= {0897910656},
  publisher	= {Association for Computing Machinery},
  address	= {New York, NY, USA},
  url		= {https://doi.org/10.1145/582153.582176},
  doi		= {10.1145/582153.582176},
  booktitle	= {Proceedings of the 9th ACM SIGPLAN-SIGACT Symposium on
		  Principles of Programming Languages},
  pages		= {207–212},
  numpages	= {6},
  location	= {Albuquerque, New Mexico},
  series	= {POPL '82}
}

@InProceedings{	  davies:intersection,
  author	= {Davies, Rowan and Pfenning, Frank},
  title		= {Intersection Types and Computational Effects},
  year		= {2000},
  isbn		= {1581132026},
  publisher	= {Association for Computing Machinery},
  address	= {New York, NY, USA},
  url		= {https://doi.org/10.1145/351240.351259},
  doi		= {10.1145/351240.351259},
  booktitle	= {Proceedings of the Fifth ACM SIGPLAN International
		  Conference on Functional Programming},
  pages		= {198–208},
  numpages	= {11},
  series	= {ICFP '00}
}

@Misc{		  disciple,
  author	= {Disciple{\ }Development{\ }Team},
  title		= {{The Disciplined Disciple Compiler}},
  year		= {2017},
  url		= {http://disciple.ouroborus.net/}
}

@InProceedings{	  dk,
  author	= {Dunfield, Joshua and Krishnaswami, Neelakantan R.},
  title		= {Complete and Easy Bidirectional Typechecking for
		  Higher-Rank Polymorphism},
  year		= {2013},
  isbn		= {9781450323260},
  publisher	= {Association for Computing Machinery},
  address	= {New York, NY, USA},
  url		= {https://doi.org/10.1145/2500365.2500582},
  doi		= {10.1145/2500365.2500582},
  booktitle	= {Proceedings of the 18th ACM SIGPLAN International
		  Conference on Functional Programming},
  pages		= {429–442},
  numpages	= {14},
  keywords	= {bidirectional typechecking, higher-rank polymorphism},
  location	= {Boston, Massachusetts, USA},
  series	= {ICFP '13}
}

@InProceedings{	  drossopoulou1997java,
  title		= {Java is type safe—probably},
  author	= {Drossopoulou, Sophia and Eisenbach, Susan},
  booktitle	= {European Conference on Object-Oriented Programming},
  pages		= {389--418},
  year		= {1997},
  organization	= {Springer}
}

@Article{	  dubois1999certification,
  title		= {Certification of a type inference tool for {ML}:
		  {Damas--Milner} within {Coq}},
  author	= {Dubois, Catherine and Menissier-Morain, Valerie},
  journal	= {Journal of Automated Reasoning},
  volume	= {23},
  number	= {3},
  pages		= {319--346},
  year		= {1999}
}

@Article{	  dubois2000proving,
  title		= {Proving {ML} type soundness within {Coq}},
  author	= {Dubois, Catherine},
  journal	= {Theorem Proving in Higher Order Logics},
  pages		= {126--144},
  year		= {2000}
}

@InProceedings{	  dunfield2013complete,
  author	= {Dunfield, Joshua and Krishnaswami, Neelakantan R.},
  title		= {Complete and Easy Bidirectional Typechecking for
		  Higher-rank Polymorphism},
  booktitle	= {Proceedings of the 18th ACM SIGPLAN International
		  Conference on Functional Programming},
  series	= {ICFP '13},
  year		= {2013}
}

@Article{	  dunfield:tridirectional,
  author	= {Dunfield, Joshua and Pfenning, Frank},
  title		= {Tridirectional Typechecking},
  year		= {2004},
  issue_date	= {January 2004},
  publisher	= {Association for Computing Machinery},
  address	= {New York, NY, USA},
  volume	= {39},
  number	= {1},
  issn		= {0362-1340},
  url		= {https://doi.org/10.1145/982962.964025},
  doi		= {10.1145/982962.964025},
  journal	= {SIGPLAN Not.},
  month		= jan,
  pages		= {281–292},
  numpages	= {12},
  keywords	= {dependent types, union types, intersection types, type
		  refinements}
}

@Article{	  dunfieldindexed,
  author	= {Dunfield, Joshua and Krishnaswami, Neelakantan R.},
  title		= {Sound and Complete Bidirectional Typechecking for
		  Higher-rank Polymorphism with Existentials and Indexed
		  Types},
  journal	= {Proc. ACM Program. Lang.},
  issue_date	= {January 2019},
  volume	= {3},
  number	= {POPL},
  month		= jan,
  year		= {2019},
  issn		= {2475-1421},
  pages		= {9:1--9:28},
  articleno	= {9},
  numpages	= {28}
}

@InProceedings{	  esop2018:arguments,
  title		= {Let Arguments Go First},
  author	= {Xie, Ningning and Oliveira, Bruno C d S},
  booktitle	= {European Symposium on Programming},
  pages		= {272--299},
  year		= {2018},
  organization	= {Springer}
}

@InProceedings{	  esop2018:consistent,
  title		= {Consistent Subtyping for All},
  author	= {Xie, Ningning and Bi, Xuan and Oliveira, Bruno C d S},
  booktitle	= {European Symposium on Programming},
  pages		= {3--30},
  year		= {2018},
  organization	= {Springer}
}

@Article{	  f:undecidable,
  title		= {Typability and Type Checking in System F are Equivalent
		  and Undecidable},
  author	= {Wells, Joe B},
  journal	= {Annals of Pure and Applied Logic},
  volume	= {98},
  number	= {1-3},
  pages		= {111--156},
  year		= {1999},
  publisher	= {Elsevier}
}

@InProceedings{	  garcia:abstracting,
  title		= {Abstracting Gradual Typing},
  author	= {Garcia, Ronald and Clark, Alison M and Tanter, {\'E}ric},
  booktitle	= {Proceedings of the 43rd Symposium on Principles of
		  Programming Languages},
  year		= {2016}
}

@InProceedings{	  garcia:principal,
  author	= {Garcia, Ronald and Cimini, Matteo},
  title		= {Principal Type Schemes for Gradual Programs},
  year		= {2015},
  isbn		= {9781450333009},
  publisher	= {Association for Computing Machinery},
  address	= {New York, NY, USA},
  url		= {https://doi.org/10.1145/2676726.2676992},
  doi		= {10.1145/2676726.2676992},
  booktitle	= {Proceedings of the 42nd Annual ACM SIGPLAN-SIGACT
		  Symposium on Principles of Programming Languages},
  pages		= {303–315},
  numpages	= {13},
  keywords	= {type inference, gradual typing},
  location	= {Mumbai, India},
  series	= {POPL '15}
}

@Article{	  garrigue2015certified,
  title		= {A certified implementation of {ML} with structural
		  polymorphism and recursive types},
  author	= {Garrigue, Jacques},
  journal	= {Mathematical Structures in Computer Science},
  volume	= {25},
  number	= {4},
  pages		= {867--891},
  year		= {2015}
}

@InProceedings{	  gill1993short,
  author	= {Gill, Andrew and Launchbury, John and Peyton Jones, Simon
		  L.},
  title		= {A Short Cut to Deforestation},
  booktitle	= {Proceedings of the Conference on Functional Programming
		  Languages and Computer Architecture},
  series	= {FPCA '93},
  year		= {1993}
}

@InProceedings{	  guardedimpredicative,
  author	= {Serrano, Alejandro and Hage, Jurriaan and Vytiniotis,
		  Dimitrios and Peyton Jones, Simon},
  title		= {Guarded Impredicative Polymorphism},
  booktitle	= {Proceedings of the 39th ACM SIGPLAN Conference on
		  Programming Language Design and Implementation},
  series	= {PLDI 2018},
  year		= {2018},
  isbn		= {978-1-4503-5698-5},
  location	= {Philadelphia, PA, USA},
  pages		= {783--796},
  numpages	= {14}
}

@InProceedings{	  gundry2010type,
  author	= {Gundry, Adam and McBride, Conor and McKinna, James},
  title		= {Type Inference in Context},
  booktitle	= {Proceedings of the Third ACM SIGPLAN Workshop on
		  Mathematically Structured Functional Programming},
  series	= {MSFP '10},
  year		= {2010}
}

@Article{	  hindley,
  title		= {The Principal Type-Scheme of an Object in Combinatory
		  Logic},
  author	= {J. Roger Hindley},
  journal	= {Transactions of the American Mathematical Society},
  volume	= {146},
  number	= {},
  pages		= {29-60},
  year		= {1969},
  publisher	= {American Mathematical Society}
}

@Article{	  hindley1969principal,
  title		= {The principal type-scheme of an object in combinatory
		  logic},
  author	= {Hindley, Roger},
  journal	= {Transactions of the american mathematical society},
  volume	= {146},
  pages		= {29--60},
  year		= {1969}
}

@InProceedings{	  itp2018,
  author	= {Jinxu Zhao and Bruno C. d. S. Oliveira and Tom
		  Schrijvers},
  title		= {Formalization of a Polymorphic Subtyping Algorithm},
  booktitle	= {{ITP}},
  series	= {Lecture Notes in Computer Science},
  volume	= {10895},
  pages		= {604--622},
  publisher	= {Springer},
  year		= {2018}
}

@InProceedings{	  jafery:2017:sur:3093333.3009865,
  author	= {Jafery, Khurram A. and Dunfield, Joshua},
  title		= {Sums of Uncertainty: Refinements Go Gradual},
  booktitle	= {Proceedings of the 44th Symposium on Principles of
		  Programming Languages},
  year		= {2017},
  numpages	= {14},
  acmid		= {3009865},
  keywords	= {gradual typing, refinement types}
}

@InProceedings{	  jones1993glasgow,
  title		= {{The Glasgow Haskell compiler: a technical overview}},
  author	= {Peyton Jones, Simon and Hall, Cordy and Hammond, Kevin and
		  Partain, Will and Wadler, Philip},
  booktitle	= {Proc. UK Joint Framework for Information Technology (JFIT)
		  Technical Conference},
  year		= {1993}
}

@InProceedings{	  jones1995functional,
  author	= "Mark P. Jones",
  title		= "Functional Programming with Overloading and Higher-Order
		  Polymorphism",
  booktitle	= "Advanced Functional Programming",
  series	= {Lecture {N}otes in {C}omputer {S}cience 925},
  year		= "1995"
}

@InProceedings{	  jones1997type,
  title		= {Type classes: exploring the design space},
  author	= {Peyton Jones, Simon and Jones, Mark and Meijer, Erik},
  booktitle	= {Haskell workshop},
  volume	= {1997},
  year		= {1997}
}

@InProceedings{	  jones2000type,
  title		= {Type classes with functional dependencies},
  author	= {Jones, Mark P},
  booktitle	= {European Symposium on Programming},
  pages		= {230--244},
  year		= {2000},
  organization	= {Springer}
}

@Article{	  jones2003lexically,
  author	= {Peyton Jones, Simon and Shields, Mark},
  year		= {2003},
  month		= {01},
  pages		= {},
  title		= {Lexically-scoped type variables}
}

@Article{	  jones2007practical,
  title		= {Practical type inference for arbitrary-rank types},
  author	= {Peyton Jones, Simon and Vytiniotis, Dimitrios and Weirich,
		  Stephanie and Shields, Mark},
  journal	= {Journal of functional programming},
  volume	= {17},
  number	= {1},
  pages		= {1--82},
  year		= {2007}
}

@Article{	  kfoury:type,
  title		= {Type reconstruction in finite rank fragments of the
		  second-order $\lambda$-calculus},
  author	= {Kfoury, Assaf J and Tiuryn, Jerzy},
  journal	= {Information and computation},
  volume	= {98},
  number	= {2},
  pages		= {228--257},
  year		= {1992},
  publisher	= {Elsevier}
}

@InProceedings{	  kiselyov2004strongly,
  title		= {Strongly typed heterogeneous collections},
  author	= {Kiselyov, Oleg and L{\"a}mmel, Ralf and Schupke, Keean},
  booktitle	= {Proceedings of the 2004 ACM SIGPLAN workshop on Haskell},
  pages		= {96--107},
  year		= {2004},
  organization	= {ACM}
}

@InProceedings{	  kleinrunyourresearch,
  author	= {Klein, Casey and Clements, John and Dimoulas, Christos and
		  Eastlund, Carl and Felleisen, Matthias and Flatt, Matthew
		  and McCarthy, Jay A. and Rafkind, Jon and Tobin-Hochstadt,
		  Sam and Findler, Robert Bruce},
  title		= {Run Your Research: On the Effectiveness of Lightweight
		  Mechanization},
  booktitle	= {Proceedings of the 39th Annual ACM SIGPLAN-SIGACT
		  Symposium on Principles of Programming Languages},
  series	= {POPL '12},
  year		= {2012},
  isbn		= {978-1-4503-1083-3},
  location	= {Philadelphia, PA, USA},
  pages		= {285--296},
  numpages	= {12}
}

@InProceedings{	  lammel2003scrap,
  author	= {L\"{a}mmel, Ralf and Jones, Simon Peyton},
  title		= {Scrap Your Boilerplate: A Practical Design Pattern for
		  Generic Programming},
  booktitle	= {Proceedings of the 2003 ACM SIGPLAN International Workshop
		  on Types in Languages Design and Implementation},
  series	= {TLDI '03},
  year		= {2003}
}

@Article{	  launchbury1995state,
  author	= "Launchbury, John and Peyton Jones, Simon L.",
  title		= {State in {H}askell},
  journal	= "LISP and Symbolic Computation",
  year		= "1995",
  volume	= "8",
  number	= "4",
  pages		= "293--341"
}

@InProceedings{	  le2003ml,
  author	= {Le Botlan, Didier and R{\'e}my, Didier},
  title		= {{MLF}: Raising {ML} to the Power of System {F}},
  booktitle	= {Proceedings of the Eighth ACM SIGPLAN International
		  Conference on Functional Programming},
  series	= {ICFP '03},
  year		= {2003}
}

@InProceedings{	  leijen2008hmf,
  author	= {Leijen, Daan},
  title		= {{HMF}: Simple Type Inference for First-class
		  Polymorphism},
  booktitle	= {Proceedings of the 13th ACM SIGPLAN International
		  Conference on Functional Programming},
  series	= {ICFP '08},
  year		= {2008}
}

@Article{	  leroy2012compcert,
  title		= {{The CompCert verified compiler}},
  author	= {Leroy, Xavier and others},
  journal	= {Documentation and user’s manual. INRIA
		  Paris-Rocquencourt},
  year		= {2012}
}

@Article{	  locallynameless,
  author	= "Chargu{\'e}raud, Arthur",
  title		= "The Locally Nameless Representation",
  journal	= "Journal of Automated Reasoning",
  year		= "2012",
  month		= "Oct",
  day		= "01",
  volume	= "49",
  number	= "3",
  pages		= "363--408"
}

@Article{	  loh:tutorial,
  title		= {A tutorial implementation of a dependently typed lambda
		  calculus},
  author	= {L{\"o}h, Andres and McBride, Conor and Swierstra, Wouter},
  journal	= {Fundamenta informaticae},
  volume	= {102},
  number	= {2},
  pages		= {177--207},
  year		= {2010},
  publisher	= {IOS Press}
}

@InProceedings{	  matthews2008parametric,
  title		= {Parametric polymorphism through run-time sealing or,
		  theorems for low, low prices!},
  author	= {Matthews, Jacob and Ahmed, Amal},
  booktitle	= {European Symposium on Programming},
  pages		= {16--31},
  year		= {2008},
  organization	= {Springer}
}

@Article{	  mcbride2002faking,
  title		= {Faking it Simulating dependent types in Haskell},
  author	= {McBride, Conor},
  journal	= {Journal of functional programming},
  volume	= {12},
  number	= {4-5},
  pages		= {375--392},
  year		= {2002},
  publisher	= {Cambridge University Press}
}

@InProceedings{	  miller2000abstract,
  author	= "Dale Miller",
  title		= "Abstract Syntax for Variable Binders: An Overview",
  booktitle	= "CL 2000: Computational Logic",
  year		= "2000",
  series	= "Lecture Notes in Artificial Intelligence"
}

@Article{	  milner,
  title		= {A theory of type polymorphism in programming},
  author	= {Milner, Robin},
  journal	= {Journal of computer and system sciences},
  volume	= {17},
  number	= {3},
  pages		= {348--375},
  year		= {1978},
  publisher	= {Elsevier}
}

@Article{	  milner1978theory,
  title		= {A theory of type polymorphism in programming},
  author	= {Milner, Robin},
  journal	= {Journal of computer and system sciences},
  volume	= {17},
  number	= {3},
  pages		= {348--375},
  year		= {1978}
}

@PhDThesis{	  morris1969lambda,
  title		= {Lambda-calculus models of programming languages.},
  author	= {Morris Jr, James Hiram},
  year		= {1969},
  school	= {Massachusetts Institute of Technology}
}

@Article{	  naraschewski1999type,
  title		= {Type inference verified: Algorithm {W} in
		  {Isabelle}/{HOL}},
  author	= {Naraschewski, Wolfgang and Nipkow, Tobias},
  journal	= {Journal of Automated Reasoning},
  volume	= {23},
  number	= {3},
  pages		= {299--318},
  year		= {1999},
  publisher	= {Springer}
}

@InProceedings{	  neis:2009:np:1596550.1596572,
  author	= {Neis, Georg and Dreyer, Derek and Rossberg, Andreas},
  title		= {Non-parametric Parametricity},
  booktitle	= {Proceedings of the 14th ACM SIGPLAN International
		  Conference on Functional Programming},
  series	= {ICFP '09},
  year		= {2009},
  isbn		= {978-1-60558-332-7},
  location	= {Edinburgh, Scotland},
  pages		= {135--148},
  numpages	= {14},
  url		= {http://doi.acm.org/10.1145/1596550.1596572},
  doi		= {10.1145/1596550.1596572},
  acmid		= {1596572},
  publisher	= {ACM},
  address	= {New York, NY, USA},
  keywords	= {intensional type analysis, parametricity, representation
		  independence, step-indexed logical relations, type-safe
		  cast}
}

@InProceedings{	  nipkow1998java,
  title		= {Java light is type-safe—definitely},
  author	= {Nipkow, Tobias and Von Oheimb, David},
  booktitle	= {Proceedings of the 25th ACM SIGPLAN-SIGACT symposium on
		  Principles of programming languages},
  pages		= {161--170},
  year		= {1998},
  organization	= {ACM}
}

@Book{		  nipkow2002isabelle,
  title		= {Isabelle/HOL: a proof assistant for higher-order logic},
  author	= {Nipkow, Tobias and Paulson, Lawrence C and Wenzel,
		  Markus},
  volume	= {2283},
  year		= {2002},
  publisher	= {Springer Science \& Business Media}
}

@InProceedings{	  odersky1996putting,
  author	= {Odersky, Martin and L\"{a}ufer, Konstantin},
  title		= {Putting Type Annotations to Work},
  booktitle	= {Proceedings of the 23rd ACM SIGPLAN-SIGACT Symposium on
		  Principles of Programming Languages},
  series	= {POPL '96},
  year		= {1996}
}

@InProceedings{	  odersky:putting,
  author	= {Odersky, Martin and L\"{a}ufer, Konstantin},
  title		= {Putting Type Annotations to Work},
  year		= {1996},
  isbn		= {0897917693},
  publisher	= {Association for Computing Machinery},
  address	= {New York, NY, USA},
  url		= {https://doi.org/10.1145/237721.237729},
  doi		= {10.1145/237721.237729},
  booktitle	= {Proceedings of the 23rd ACM SIGPLAN-SIGACT Symposium on
		  Principles of Programming Languages},
  pages		= {54–67},
  numpages	= {14},
  location	= {St. Petersburg Beach, Florida, USA},
  series	= {POPL '96}
}

@Article{	  parigot1992recursive,
  title		= {Recursive programming with proofs},
  author	= {Parigot, Michel},
  journal	= {Theoretical Computer Science},
  volume	= {94},
  number	= {2},
  pages		= {335--356},
  year		= {1992},
  publisher	= {Elsevier}
}

@Book{		  pierce2002types,
  title		= {Types and programming languages},
  author	= {Pierce, Benjamin C},
  year		= {2002}
}

@Article{	  pierce:local,
  author	= {Pierce, Benjamin C. and Turner, David N.},
  title		= {Local Type Inference},
  year		= {2000},
  issue_date	= {Jan. 2000},
  publisher	= {Association for Computing Machinery},
  address	= {New York, NY, USA},
  volume	= {22},
  number	= {1},
  issn		= {0164-0925},
  url		= {https://doi.org/10.1145/345099.345100},
  doi		= {10.1145/345099.345100},
  journal	= {ACM Trans. Program. Lang. Syst.},
  month		= jan,
  pages		= {1–44},
  numpages	= {44},
  keywords	= {polymorphism, subtyping, type inference}
}

@Article{	  popl:kind,
  author	= {Xie, Ningning and Eisenberg, Richard A. and Oliveira,
		  Bruno C. d. S.},
  title		= {Kind Inference for Datatypes},
  year		= {2019},
  issue_date	= {January 2020},
  publisher	= {Association for Computing Machinery},
  address	= {New York, NY, USA},
  volume	= {4},
  number	= {POPL},
  url		= {https://doi.org/10.1145/3371121},
  doi		= {10.1145/3371121},
  journal	= {Proc. ACM Program. Lang.},
  month		= dec,
  articleno	= {53},
  numpages	= {28},
  keywords	= {Haskell, Dependent Types}
}

@Article{	  practical:inference,
  title		= {Practical type inference for arbitrary-rank types},
  author	= {Peyton Jones, Simon and Vytiniotis, Dimitrios and Weirich,
		  Stephanie and Shields, Mark},
  journal	= {Journal of functional programming},
  volume	= {17},
  number	= {1},
  pages		= {1--82},
  year		= {2007},
  publisher	= {Cambridge University Press}
}

@Misc{		  purescript,
  author	= {Freeman, Phil},
  title		= {Pure{S}cript},
  year		= {2017},
  url		= {http://www.purescript.org/}
}

@InProceedings{	  reed2009,
  author	= {Reed, Jason},
  title		= {Higher-order Constraint Simplification in Dependent Type
		  Theory},
  booktitle	= {Proceedings of the Fourth International Workshop on
		  Logical Frameworks and Meta-Languages: Theory and
		  Practice},
  series	= {LFMTP '09},
  year		= {2009}
}

@InBook{	  remy-attapl,
  title		= {Advanced Topics in Types and Programming Languages},
  author	= {Pottier, Fran\c{c}ois and R\'{e}my, Didier},
  chapter	= {{The Essence of ML Type Inference}},
  editor	= {Benjamin C. Pierce},
  pages		= {387--489},
  publisher	= {The MIT Press},
  year		= {2005}
}

@InProceedings{	  reynolds1983types,
  title		= {Types, Abstraction and Parametric Polymorphism},
  author	= {Reynolds, John C.},
  booktitle	= {Proceedings of the IFIP 9th World Computer Congress},
  year		= {1983}
}

###Article{	  reynolds1983types,
  author	= {Reynolds, John C},
  title		= {Types, Abstraction and Parametric Polymorphism},
  journal	= {Information Processing},
  pages		= {513--523},
  year		= {1983}
}

@InProceedings{	  reynolds_coherence,
  author	= {Reynolds, John C.},
  title		= {The Coherence of Languages with Intersection Types},
  booktitle	= {Proceedings of the International Conference on Theoretical
		  Aspects of Computer Software},
  year		= {1991}
}

@Unpublished{	  scoped-type-variables,
  title		= {Lexically-scoped type variables},
  author	= {Peyton Jones, Simon and Shields, Mark},
  note		= {Draft},
  year		= {2004},
  owner		= {rae},
  timestamp	= {2015.07.07},
  url		= {http://research.microsoft.com/en-us/um/people/simonpj/papers/scoped-tyvars/}
}

@InProceedings{	  serrano2018,
  author	= {Serrano, Alejandro and Hage, Jurriaan and Vytiniotis,
		  Dimitrios and Peyton Jones, Simon},
  title		= {Guarded Impredicative Polymorphism},
  booktitle	= {Proceedings of the 39th ACM SIGPLAN Conference on
		  Programming Language Design and Implementation},
  series	= {PLDI 2018},
  year		= {2018}
}

@Article{	  severi:dependent:definitions,
  title		= {Pure Type Systems with Definitions},
  author	= {Severi, Paula and Poll, Erik},
  journal	= {Logical Foundations of Computer Science},
  pages		= {316--328},
  year		= {1994},
  publisher	= {Springer}
}

@InProceedings{	  siek2006gradual,
  title		= {Gradual Typing for Functional Languages},
  author	= {Siek, Jeremy G. and Taha, Walid},
  booktitle	= {Proceedings of the 2006 Scheme and Functional Programming
		  Workshop},
  year		= {2006}
}

@InProceedings{	  siek2007gradual,
  title		= {Gradual Typing for Objects},
  author	= {Siek, Jeremy G. and Taha, Walid},
  booktitle	= {European Conference on Object-Oriented Programming},
  year		= {2007}
}

@InProceedings{	  siek:consistent:subtyping,
  author	= {Siek, Jeremy and Taha, Walid},
  title		= {Gradual Typing for Objects},
  year		= {2007},
  isbn		= {3540735887},
  publisher	= {Springer-Verlag},
  address	= {Berlin, Heidelberg},
  booktitle	= {Proceedings of the 21st European Conference on
		  Object-Oriented Programming},
  pages		= {2–27},
  numpages	= {26},
  location	= {Berlin, Germany},
  series	= {ECOOP'07}
}

@InProceedings{	  siek:criteria,
  title		= {Refined criteria for gradual typing},
  author	= {Siek, Jeremy G and Vitousek, Michael M and Cimini, Matteo
		  and Boyland, John Tang},
  booktitle	= {1st Summit on Advances in Programming Languages (SNAPL
		  2015)},
  year		= {2015},
  organization	= {Schloss Dagstuhl-Leibniz-Zentrum fuer Informatik}
}

@Article{	  systemf,
  title		= {The System F of Variable Types, Fifteen Years Later},
  author	= {Girard, Jean-Yves},
  journal	= {Theoretical computer science},
  volume	= {45},
  pages		= {159--192},
  year		= {1986},
  publisher	= {Elsevier}
}

@InProceedings{	  tfp,
  title		= {Towards Unification for Dependent Types},
  author	= {Xie, Ningning and Oliveira, Bruno C d S},
  year		= {2017},
  booktitle	= {Draft Proceedings of the 18th Symposium on Trends in
		  Functional Programming},
  series	= {TFP '18},
  note		= {Extended abstract}
}

@InProceedings{	  tiuryn1996subtyping,
  title		= {The subtyping problem for second-order types is
		  undecidable},
  author	= {Tiuryn, Jerzy and Urzyczyn, Pawel},
  booktitle	= {Proceedings 11th Annual IEEE Symposium on Logic in
		  Computer Science},
  year		= {1996}
}

@Article{	  toplas:consistent,
  author	= {Xie, Ningning and Bi, Xuan and Oliveira, Bruno C. D. S.
		  and Schrijvers, Tom},
  title		= {Consistent Subtyping for All},
  year		= {2019},
  issue_date	= {January 2020},
  publisher	= {Association for Computing Machinery},
  address	= {New York, NY, USA},
  volume	= {42},
  number	= {1},
  issn		= {0164-0925},
  url		= {https://doi.org/10.1145/3310339},
  doi		= {10.1145/3310339},
  journal	= {ACM Transactions on Programming Languages and Systems},
  month		= nov,
  articleno	= {2},
  numpages	= {79},
  keywords	= {consistent subtyping, implicit polymorphism, Gradual
		  typing, dynamic gradual guarantee}
}

@Article{	  unification,
  author	= {Martelli, Alberto and Montanari, Ugo},
  title		= {An Efficient Unification Algorithm},
  journal	= {ACM Trans. Program. Lang. Syst.},
  issue_date	= {April 1982},
  volume	= {4},
  number	= {2},
  month		= apr,
  year		= {1982},
  issn		= {0164-0925},
  pages		= {258--282},
  numpages	= {25}
}

@Misc{		  unison,
  author	= {Chiusano, Paul and Bjarnason, Runar},
  title		= {Unison},
  year		= {2015},
  url		= {http://unisonweb.org}
}

@Article{	  urban2008nominal,
  title		= {Nominal verification of algorithm {W}},
  author	= {Urban, Christian and Nipkow, Tobias},
  journal	= {From Semantics to Computer Science. Essays in Honour of
		  Gilles Kahn},
  pages		= {363--382},
  year		= {2008}
}

@Article{	  urban2008nominaltech,
  title		= {Nominal techniques in {Isabelle}/{HOL}},
  author	= {Urban, Christian},
  journal	= {Journal of Automated Reasoning},
  volume	= {40},
  number	= {4},
  pages		= {327--356},
  year		= {2008}
}

@InProceedings{	  vytiniotis2008fph,
  author	= {Vytiniotis, Dimitrios and Weirich, Stephanie and Peyton
		  Jones, Simon},
  title		= {{FPH}: First-class Polymorphism for {Haskell}},
  booktitle	= {Proceedings of the 13th ACM SIGPLAN International
		  Conference on Functional Programming},
  series	= {ICFP '08},
  year		= {2008}
}

@Article{	  wells1999typability,
  title		= {Typability and type checking in System {F} are equivalent
		  and undecidable},
  author	= {Wells, Joe B},
  journal	= {Annals of Pure and Applied Logic},
  volume	= {98},
  number	= {1-3},
  pages		= {111--156},
  year		= {1999}
}

@InProceedings{	  xi:dependent,
  author	= {Xi, Hongwei and Pfenning, Frank},
  title		= {Dependent Types in Practical Programming},
  year		= {1999},
  isbn		= {1581130953},
  publisher	= {Association for Computing Machinery},
  address	= {New York, NY, USA},
  url		= {https://doi.org/10.1145/292540.292560},
  doi		= {10.1145/292540.292560},
  booktitle	= {Proceedings of the 26th ACM SIGPLAN-SIGACT Symposium on
		  Principles of Programming Languages},
  pages		= {214–227},
  numpages	= {14},
  location	= {San Antonio, Texas, USA},
  series	= {POPL '99}
}

@InProceedings{	  xie2018letarguments,
  author	= "Xie, Ningning and Oliveira, Bruno C. d. S.",
  editor	= "Ahmed, Amal",
  title		= "Let Arguments Go First",
  booktitle	= "Programming Languages and Systems",
  year		= "2018",
  publisher	= "Springer International Publishing",
  address	= "Cham",
  pages		= "272--299",
  abstract	= "Bi-directional type checking has proved to be an extremely
		  useful and versatile tool for type checking and type
		  inference. The conventional presentation of bi-directional
		  type checking consists of two modes: inference mode and
		  checked mode. In traditional bi-directional type-checking,
		  type annotations are used to guide (via the checked mode)
		  the type inference/checking procedure to determine the type
		  of an expression, and type information flows from functions
		  to arguments.",
  isbn		= "978-3-319-89884-1"
}

@InProceedings{	  yuu2017poly,
  title		= {On Polymorphic Gradual Typing},
  author	= {Igarashi, Yuu and Sekiyama, Taro and Igarashi, Atsushi},
  booktitle	= {Proceedings of the 22nd International Conference on
		  Functional Programming},
  year		= {2017}
}

@article{rank1992kfoury,
author = {Kfoury, A. J. and Tiuryn, J.},
title = {Type Reconstruction in Finite Rank Fragments of the Second-Order λ-Calculus},
year = {1992},
issue_date = {June 1992},
publisher = {Academic Press, Inc.},
address = {USA},
volume = {98},
number = {2},
issn = {0890-5401},
url = {https://doi.org/10.1016/0890-5401(92)90020-G},
doi = {10.1016/0890-5401(92)90020-G},
journal = {Inf. Comput.},
month = jun,
pages = {228–257},
numpages = {30}
}
@article{10.1145/3093333.3009882,
author = {Dolan, Stephen and Mycroft, Alan},
title = {Polymorphism, Subtyping, and Type Inference in MLsub},
year = {2017},
issue_date = {January 2017},
publisher = {Association for Computing Machinery},
address = {New York, NY, USA},
volume = {52},
number = {1},
issn = {0362-1340},
url = {https://doi.org/10.1145/3093333.3009882},
doi = {10.1145/3093333.3009882},
abstract = { We present a type system combining subtyping and ML-style parametric polymorphism. Unlike previous work, our system supports type inference and has compact principal types. We demonstrate this system in the minimal language MLsub, which types a strict superset of core ML programs.  This is made possible by keeping a strict separation between the types used to describe inputs and those used to describe outputs, and extending the classical unification algorithm to handle subtyping constraints between these input and output types. Principal types are kept compact by type simplification, which exploits deep connections between subtyping and the algebra of regular languages. An implementation is available online. },
journal = {SIGPLAN Not.},
month = jan,
pages = {60–72},
numpages = {13},
keywords = {Type Inference, Polymorphism, Algebra, Subtyping}
}

@inproceedings{mlsub,
author = {Dolan, Stephen and Mycroft, Alan},
title = {Polymorphism, Subtyping, and Type Inference in MLsub},
year = {2017},
isbn = {9781450346603},
publisher = {Association for Computing Machinery},
address = {New York, NY, USA},
url = {https://doi.org/10.1145/3009837.3009882},
doi = {10.1145/3009837.3009882},
abstract = { We present a type system combining subtyping and ML-style parametric polymorphism. Unlike previous work, our system supports type inference and has compact principal types. We demonstrate this system in the minimal language MLsub, which types a strict superset of core ML programs.  This is made possible by keeping a strict separation between the types used to describe inputs and those used to describe outputs, and extending the classical unification algorithm to handle subtyping constraints between these input and output types. Principal types are kept compact by type simplification, which exploits deep connections between subtyping and the algebra of regular languages. An implementation is available online. },
booktitle = {Proceedings of the 44th ACM SIGPLAN Symposium on Principles of Programming Languages},
pages = {60–72},
numpages = {13},
keywords = {Type Inference, Subtyping, Polymorphism, Algebra},
location = {Paris, France},
series = {POPL 2017}
}


